

@InProceedings{conference,
  author = 	 {},
  title = 	 {},
  booktitle =    {},
  year = 	 {},
  pages = 	 {},
  month = 	 {},
  organization = {},
  publisher =    {},
}

@article{article,
  author    = {},
  title     = {},
  journal   = {},
  volume    = {},
  number    = {},
  year      = {},
  month     = {},
  pages     = {},
  issn      = {},
  OPTdoi       = {},
  publisher = {},
  address   = {},
}

@book{book,
  author    = {},
  isbn      = {},
  year      = {},
  month     = {},
  publisher = {},
  title     = {},
}


%%%%%%%%%%%%%%%%%%%%%%%%%%%%%%%%%%% References %%%%%%%%%%%%%%%%%%%%%%%%%%%%%%%%%%%

@book{gonzalez2006image,
  author = {Rafael C. Gonzalez and Richard E. Woods},
  title = {Digital Image Processing},
  year = {2006},
  isbn = {013168728X},
  edition = {3},
  publisher = {Prentice-Hall, Inc.},
  address = {USA}
}

@book{dougherty2003handson,
    abstract = {{Explains how generic methods can be used in combination to solve practical
problems. The book is hands-on in very real sense: readers will be able to
download a demonstration toolbox of techniques \& images free from the web so
they can process the images according to examples in the text}},
    author = {E. R. Dougherty and R. A. Lotufo},
    author = {Edward R. Dougherty and Roberto A. Lotufo},
    citeulike-article-id = {2904193},
    day = {24},
    howpublished = {Paperback},
    isbn = {081944720X},
    month = jul,
    posted-at = {2010-11-30 07:41:00},
    priority = {2},
    publisher = {SPIE Publications},
    title = {{Hands-on Morphological Image Processing (SPIE Tutorial Texts in Optical Engineering Vol. TT59)}},
    OPTurl = {http://www.amazon.com/exec/obidos/redirect?tag=citeulike07-20\&path=ASIN/081944720X},
    year = {2003}
}

@book{learning_opencv,
    address = {Cambridge, MA},
    author = {Bradski, Gary and Kaehler, Adrian},
    citeulike-article-id = {3502180},
    keywords = {opencv, vision},
    posted-at = {2008-11-11 02:28:18},
    priority = {2},
    publisher = {O'Reilly},
    title = {Learning OpenCV: Computer Vision with the OpenCV Library},
    year = {2008}
}

@Book{Duda:2001,
  author = 	 {Duda, Richard O. and Hart, Peter E. and Stork, David G.},
  title = 	 {Pattern Classification},
  publisher = 	 {John Willey \& Sons},
  year = 	 {2001},
  edition =      {2},
  ident =        {[ Duda:2001 ]}
}

@Book{Costa:2001,
  author = 	 {Costa, Luciano da F. and Cesar Jr., R. M.},
  title = 	 {Shape Analysis and Classification},
  publisher = 	 {CRC Press},
  year = 	 {2001},
  edition =      {2},
  ident =        {[ Costa:2001 ]}
}

@book{Jain1995machine,
  title =     {Machine vision},
  author =    {Ramesh Jain and Rangachar Kasturi and Brian G. Schunck},
  publisher = {McGraw-Hill Science/Engineering/Math},
  isbn =      {0070320187,9780070320185,0071134077,9780071134071,0072384867,9780072384864},
  year =      {1995},
  series =    {},
  edition =   {1},
  volume =    {},
  OPTurl =       {http://gen.lib.rus.ec/book/index.php?md5=96A703D27596EB72EE3A6521525EF9CC}
}

@book{soille1999morphological,
  author    = {Pierre Soille},
  title     = {Morphologigal image analysis: principles and applications},
  isbn      = {9783662039410},
  year      = {1999},
  month     = {},
  publisher = {Springer},
  note      = {pag 57: Composition},
}

@Book{Tufte:83,
  author = 	 {Edward R. Tufte},
  title = 	 {The Visual Display of Quantitative Information},
  publisher = 	 {Graphics Press},
  year = 	 {1983},
}

@book{GeometryMultiple,
 author = {Olivier Faugeras and Quang-Tuan Luong and T. Papadopoulou},
 title = {The  Geometry of Multiple Images: The Laws That Govern The Formation of Images of A Scene and Some of Their Applications},
 year = {2001},
 isbn = {0262062208},
 publisher = {MIT Press},
 address = {Cambridge, MA, USA},
 }

@book{MultipleView,
 author = {Richard Hartley and Andrew Zisserman},
 title = {Multiple view geometry in computer vision},
 year = {2000},
 isbn = {0-521-62304-9},
 publisher = {Cambridge University Press},
 address = {New York, NY, USA},
 }

@book{3dComputer,
 author = {Olivier Faugeras},
 title = {Three-dimensional computer vision: Geometric viewpoint},
 year = {1993},
 isbn = {0-262-06158-9},
 publisher = {MIT Press},
 address = {Cambridge, MA, USA},
 }

